% -------------------------------------------------------------------------
% Definitions in general: e.g., LB, BSP
% -------------------------------------------------------------------------
% HPC
@book{sterling2018hpc,
  title={{High Performance Computing: Modern Systems and Practices}},
  author={Sterling, Thomas and Anderson, Matthew and Brodowicz, Maciej},
  year={2018},
  isbn={978-0-12-420158-3},
  publisher={Elsevier},
  url={https://doi.org/10.1016/C2013-0-09704-6}
}
% Parallel computing
@book{victor2010introhpc,
  title={{Introduction to High-Performance Scientific Computing}},
  author={Eijkhout, Victor},
  year={2010},
  isbn={},
  publisher={},
  url={https://theartofhpc.com/istc.html}
}

% NUMA vs UMA
@inbook{jacob2008numavsuma,
  title={{CHAPTER 2 - Logical Organization}},
  author={Jacob, Bruce and Ng, Spencer W.  and Wang, David T.},
  booktitle={Memory Systems},
  pages={79--115},
  year={2008},
  isbn={978-0-12-379751-3},
  publisher={Morgan Kaufmann},
  url={https://doi.org/10.1016/B978-012379751-3.50004-7}
}

@article{cybenko1989dynamic,
  title={{Dynamic Load Balancing for Distributed Memory Multiprocessors}},
  author={Cybenko, George},
  journal={Journal of Parallel and Distributed Computing},
  volume={7},
  number={2},
  pages={279--301},
  year={1989},
  doi={https://doi.org/10.1016/0743-7315(89)90021-X}
}

@article{valiant1990bridging,
  title={{A Bridging Model for Parallel Computation}},
  author={Valiant, Leslie G},
  journal={Commun. ACM},
  volume={33},
  number={8},
  pages={103--111},
  year={1990},
  publisher={ACM},
  doi={https://doi.org/10.1145/79173.79181}
}

@article{liem1991mddistributed,
  title={{Molecular dynamics simulations on distributed memory machines}},
  author={Liem, S.Y. and Brown, D. and Clarke, J.H.R.},
  journal={Computer Physics Communications},
  volume={67},
  number={2},
  pages={261--267},
  year={1991},
  publisher={Elsevier},
  doi={https://doi.org/10.1016/0010-4655(91)90021-C}
}

@book{xu1996load,
  title={{Load Balancing in Parallel Computers: Theory and Practice}},
  author={Xu, Chengzhong and Lau, Francis C.},
  isbn={978-0-585-27256-6},
  year={1997},
  publisher={Springer New York, NY},
  doi={https://doi.org/10.1007/b102252}
}

% for parallel computing overview
@book{kumar1994intro,
  title={{Introduction to Parallel Computing: Design and Analysis of Algorithms}},
  author={Kumar, Vipin and Grama, Ananth and Gupta, Anshul and Karypis, George},
  year={1994},
  isbn={0805331700},
  publisher={Benjamin-Cummings Publishing Co., Inc.},
  url={https://dl.acm.org/doi/10.5555/156619}
}

% for a computer cluster definition
@inbook{baker1999cluster,
  title={{Cluster Computing at a Glance}},
  author={Baker, Mark and Buyya, Rajkumar},
  booktitle={High Performance Cluster Computing - Architectures and Systems},
  pages={3--47},
  year={1999},
  isbn={0130137847},
  publisher={Prentice Hall PTR},
  url={https://dl.acm.org/doi/10.5555/520257}
}

% for a technical report about intro to parallel computing
@online{hpcllnl2023parcomp,
	title={{Introduction to Parallel Computing Tutorial}},
  author={HPC Livermore Computing (LLNL)},
  year={},
  url={https://hpc.llnl.gov/documentation/tutorials/introduction-parallel-computing-tutorial},
  urldate={2023-03-07}
}

% for von Neumann architecture
@inbook{eigenmann1999vonneumanarch,
  title={{Von Neumann Computers}},
  author={Eigenmann, Rudolf and Lilja, David J.},
  booktitle={Wiley Encyclopedia of Electrical and Electronics Engineering},
  pages={},
  year={1999},
  isbn={9780471346081},
  publisher={John Wiley \& Sons, Ltd},
  doi={https://doi.org/10.1002/047134608X.W1704}
}

% for parallel computing taxonomy or classification
@article{flynn1972comtaxonomy,
  title={{Some Computer Organizations and Their Effectiveness}},
  author={Flynn, Michael J.},
  journal={IEEE Transactions on Computers},
  volume={C-21},
  number={9},
  pages={948--960},
  year={1972},
  publisher={IEEE},
  doi={https://doi.org/10.1109/TC.1972.5009071}
}

@inproceedings{daerma2001spmdmodel,
  title={{The SPMD Model: Past, Present and Future}},
  author={Darema, Frederica},
  booktitle={Recent Advances in Parallel Virtual Machine and Message Passing Interface},
  pages={1--1},
  year={2001},
  series={The 8th European PVM/MPI Users' Group Meeting},
  location={Santorini/Thera, Greece},
  doi={https://doi.org/10.1007/3-540-45417-9_1}
}

@online{fzj2023mpmdmodel,
	title={{MPMD: Multiple Program Multiple Data Execution Model}},
  author={Forschungszentrum JÃ¼lich (FZJ)},
  year={},
  url={https://apps.fz-juelich.de/jsc/hps/jureca/mpmd.html},
  urldate={2023-03-09}
}

@book{mattson2004patternparprog,
  title={{Patterns for Parallel Programming}},
  author={Mattson, Timothy G. and Sanders, Beverly A. and Massingill, Berna L.},
  year={2004},
  isbn={9780321228116},
  publisher={Addison-Wesley Professional},
  url={https://www.oreilly.com/library/view/patterns-for-parallel/0321228111/}
}

@online{aumage2021taskportability,
	title={{Task-Based Performance Portability in HPC}},
  author={Aumage, Olivier and Carpenter, Paul and Benkner, Siegfried},
  year={2021},
  url={https://doi.org/10.5281/zenodo.5549731},
  urldate={}
}

% -------------------------------------------------------------------------
% Static Load Balancing
% -------------------------------------------------------------------------
@article{bokhari1981mapping,
  title={{On the Mapping Problem}},
  author={Bokhari, Shahid H.},
  journal={IEEE Transactions on Computers},
  volume={C-30},
  number={3},
  pages={207--214},
  year={1981},
	doi={https://doi.org/10.1109/TC.1981.1675756}
}

@article{bokhari1988partitioning,
  title={{Partitioning Problems in Parallel, Pipeline, and Distributed Computing}},
  author={Bokhari, Shahid H.},
  journal={IEEE Transactions on Computers},
  volume={37},
  number={1},
  pages={48--57},
  year={1988},
  doi={https://doi.org/10.1109/12.75137}
}

@book{bokhari1987assignment,
  title={{Assignment Problems in Parallel and Distributed Computing}},
  author={Bokhari, Shahid H.},
  year={1987},
  publisher={Springer New York, NY},
  isbn={978-1-4613-2003-6},
  doi={https://doi.org/10.1007/978-1-4613-2003-6}
}

@article{nicol1996static,
  title={{Static Assignment of Stochastic Tasks using Majorization}},
  author={Nicol, David M. and Simha, Rahul and Towsley, Don},
  journal={EEE Transactions on Computers},
  volume={45},
  number={6},
  pages={730--740},
  year={1996},
  doi={https://doi.org/10.1109/12.506428}
}

@unpublished{benmohammed1991evallb,
	title={{An Evaluation of Load Balancing Algorithms for Distributed Systems}},
  author={Benmohammed-Mahieddine, Kouider},
  year={1991},
  publisher={University of Leeds},
  note={PhD thesis},
  url={https://etheses.whiterose.ac.uk/4395/}
}

@article{bowen1992assignment,
  title={{On The Assignment Problem of Arbitrary Process Systems to Heterogeneous Distributed Computer Systems}},
  author={Bowen, Nicholas S. and Nikolaou, Christos N and Ghafoor, Arif},
  journal={IEEE Transactions on Computers},
  volume={41},
  number={3},
  pages={257--273},
  year={1992},
  doi={https://doi.org/10.1109/12.127439}
}

% -------------------------------------------------------------------------
% Dynamic Load Balancing
% -------------------------------------------------------------------------
% -----------------------------------------------------
% 	+ Work Stealing on shared memory
% -----------------------------------------------------
@article{Blumofe1999OriginWS,
  title={{Scheduling Multithreaded Computations by Work Stealing}},
  author={Blumofe, Robert D and Leiserson, Charles E},
  journal={Journal of The ACM (J. ACM)},
  volume={46},
  number={5},
  pages={720--748},
  year={1999},
  doi={https://doi.org/10.1145/324133.324234}
}

@inproceedings{halstead1980munet,
  title={{The MuNet: A Scalable Decentralized Architecture for Parallel Computation}},
  author={Halstead, Robert H. and Ward, Stephen A.},
  booktitle={Proceedings of the 7th Annual Symposium on Computer Architecture},
  pages={139--145},
  year={1980},
  series={ISCA'80},
  location={La Baule, USA},
  doi={https://doi.org/10.1145/800053.801919}
}

@inproceedings{sullivan1977large,
  title={{A Large Scale, Homogeneous, Fully Distributed Parallel Machine, I}},
  author={Sullivan, Herbert and Bashkow, Theodore R.},
  booktitle={Proceedings of the 4th Annual Symposium on Computer Architecture},
  pages={105--117},
  year={1977},
  series={ISCA'77},
  publisher={ACM},
  doi={https://doi.org/10.1145/800255.810659}
}

@article{ranka1988programming,
  title={{Programming A Hypercube Multicomputer}},
  author={Ranka, Sanjay and Won, Youngju and Sahni, Sartaj},
  journal={IEEE Software},
  volume={5},
  number={5},
  pages={69--77},
  year={1988},
  doi={https://doi.org/10.1109/52.7944}
}

@article{lin1987gradient,
  title={{The Gradient Model Load Balancing Method}},
  author={Lin, Frank C. H. and Keller, Robert M.},
  journal={IEEE Transactions on Software Engineering},
  volume={SE-13},
  number={1},
  pages={32--38},
  year={1987},
  publisher={IEEE},
  doi={https://doi.org/10.1109/TSE.1987.232563}
}

@inproceedings{rudolph1991simple,
  title={{A Simple Load Balancing Scheme for Task Allocation in Parallel Machines}},
  author={Rudolph, Larry and Slivkin-Allalouf, Miriam and Upfal, Eli},
  booktitle={Proceedings of the Third Annual ACM Symposium on Parallel Algorithms and Architectures},
  pages={237--245},
  series={SPAA'91},
  year={1991},
  location={Hilton Head, South Carolina, USA},
  publisher={ACM},
  doi={https://doi.org/10.1145/113379.113401}
}

@inproceedings{adler1998parallel,
  title={{Parallel Randomized Load Balancing}},
  author={Adler, Micah and Chakrabarti, Soumen and Mitzenmacher, Michael and Rasmussen, Lars},
  booktitle={Proceedings of the Twenty-Seventh Annual ACM Symposium on Theory of Computing},
  pages={238--247},
  year={1995},
  publisher={ACM},
  location={Las Vegas, Nevada, USA},
  series={STOC '95},
  doi={https://doi.org/10.1145/225058.225131}
}

@inproceedings{papin2014dlbpairpot,
  title={{Dynamic Load Balancing with Pair Potentials}},
  author={Papin, Jean-Charles and Denoual, Christophe and Colombet, Laurent and Namyst, Raymond},
  booktitle={Euro-Par 2014: Parallel Processing Workshops},
  pages={462--473},
  year={2014},
  publisher={Springer},
  location={Porto, Portugal},
  series={},
  doi={https://doi.org/10.1007/978-3-319-14313-2_39}
}

@article{papin2021spawn,
  title={{SPAWN: An Iterative, Potentials-Based, Dynamic Scheduling and Partitioning Tool}},
  author={Papin, Jean-Charles and Denoual, Christophe and Colombet, Laurent and Namyst, Raymond},
  journal={International Journal of Parallel Programming},
  volume={49},
  number={1},
  pages={81--103},
  year={2021},
  publisher={Springer},
  doi={https://doi.org/10.1007/s10766-020-00677-9}
}

% -----------------------------------------------------
% 	+ Dynamic thread/process mapping
% -----------------------------------------------------
@inproceedings{garcia2009lewi,
  title={{LeWI: A Runtime Balancing Algorithm for Nested Parallelism}},
  author={Garcia, Marta and Corbalan, Julita and Labarta, Jesus},
  booktitle={2009 International Conference on Parallel Processing},
  pages={526--533},
  year={2009},
  location={Vienna, Austria},
  doi={https://doi.org/10.1109/ICPP.2009.56}
}

@article{hofmeyr2010load,
  title={{Load Balancing on Speed}},
  author={Hofmeyr, Steven and Iancu, Costin and Blagojevi{\'c}, Filip},
  journal={ACM SIGPLAN Notices (SIGPLAN Not.)},
  volume={45},
  number={5},
  pages={147--158},
  year={2010},
  publisher={ACM},
  doi={https://doi.org/10.1145/1837853.1693475}
}

@inproceedings{spiegel2006hybrid,
  title={{Hybrid Parallelization of CFD Applications with Dynamic Thread Balancing}},
  author={Spiegel, Alexander and an Mey, Dieter and Bischof, Christian},
  booktitle={Applied Parallel Computing. State of the Art in Scientific Computing},
  pages={433--441},
  year={2006},
  series={PARA'06},
  location={Umea, Sweden},
  publisher={Springer Berlin Heidelberg},
  doi={https://doi.org/10.1007/11558958_51}
}

@inproceedings{duran2005automatic,
  title={{Automatic Thread Distribution for Nested Parallelism in OpenMP}},
  author={Duran, Alejandro and Gonz\`{a}lez, Marc and Corbal\'{a}n, Julita},
  booktitle={Proceedings of the 19th Annual International Conference on Supercomputing},
  pages={121--130},
  year={2005},
  series={ICS'05},
  location={Cambridge, Massachusetts},
  publisher={ACM},
  doi={https://doi.org/10.1145/1088149.1088166}
}

% -----------------------------------------------------
% 	+ Work-stealing on distributed memory
% -----------------------------------------------------
% 			* Victim selection
% -----------------------------------------------------
@inproceedings{lifflander2012work,
  title={{Work Stealing and Persistence-Based Load Balancers for Iterative Overdecomposed Applications}},
  author={Lifflander, Jonathan and Krishnamoorthy, Sriram and Kale, Laxmikant V.},
  booktitle={Proceedings of the 21st International Symposium on High-Performance Parallel and Distributed Computing},
  pages={137--148},
  year={2012},
  location={Delft, The Netherlands},
	series={HPDC'12},
	publisher={ACM},
  doi={https://doi.org/10.1145/2287076.2287103}
}

@article{drebes2014topology,
  title={{Topology-Aware and Dependence-Aware Scheduling and Memory Allocation for Task-Parallel Languages}},
  author={Drebes, Andi and Heydemann, Karine and Drach, Nathalie and Pop, Antoniu and Cohen, Albert},
  journal={ACM Transactions on Architecture and Code Optimization (TACO)},
  volume={11},
  number={3},
  year={2014},
  publisher={ACM},
  doi={https://doi.org/10.1145/2641764}
}

@inproceedings{barghi2018work,
  title={{Work-Stealing, Locality-Aware Actor Scheduling}},
  author={Barghi, Saman and Karsten, Martin},
  booktitle={2018 IEEE International Parallel and Distributed Processing Symposium},
  pages={484--494},
  year={2018},
  series={IPDPS'18},
  location={Vancouver, BC, Canada},
  doi={https://doi.org/10.1109/IPDPS.2018.00058}
}

@inproceedings{bak2018multi,
  title={{Multi-Level Load Balancing with an Integrated Runtime Approach}},
  author={Bak, Seonmyeong and Menon, Harshitha and White, Sam and Diener, Matthias and Kale, Laxmikant},
  booktitle={2018 18th IEEE/ACM International Symposium on Cluster, Cloud and Grid Computing},
  pages={31--40},
  year={2018},
  location={Washington, DC, USA},
  series={CCGRID'18},
  doi={https://doi.org/10.1109/CCGRID.2018.00018}
}

@inproceedings{menon2012automated,
  title={{Automated Load Balancing Invocation Based on Application Characteristics}},
  author={Menon, Harshitha and Jain, Nikhil and Zheng, Gengbin and Kal{\'e}, Laxmikant},
  booktitle={2012 IEEE International Conference on Cluster Computing},
  pages={373--381},
  year={2012},
  location={Beijing, China},
  series={CLUSTER'12},
  doi={https://doi.org/10.1109/CLUSTER.2012.61}
}

% -----------------------------------------------------
% 			* Task selection
% -----------------------------------------------------

@article{vikranth2013topoawarews,
  title={{Topology Aware Task Stealing for On-chip NUMA Multi-core Processors}},
  author={Vikranth, B. and Wankar, Rajeev and Rao, C. Raghavendra},
  journal={Procedia Computer Science},
  volume={18},
  number={},
  year={2013},
  publisher={Elsevier},
  doi={https://doi.org/10.1016/j.procs.2013.05.201}
}

@inproceedings{paudel2013meritdistws,
  title={{On the Merits of Distributed Work-Stealing on Selective Locality-Aware Tasks}},
  author={Paudel, Jeeva and Tardieu, Olivier and Amaral, JosÃ© Nelson},
  booktitle={2013 42nd International Conference on Parallel Processing},
  pages={100--109},
  year={2013},
  location={Lyon, France},
  doi={https://doi.org/10.1109/ICPP.2013.19}
}

@inproceedings{kumar2016optimized,
  title={{Optimized Distributed Work-Stealing}},
  author={Kumar, Vivek and Murthy, Karthik and Sarkar, Vivek and Zheng, Yili},
  booktitle={2016 6th Workshop on Irregular Applications: Architecture and Algorithms (IA3)},
  pages={74--77},
  year={2016},
  location={Salt Lake City, UT, USA},
  doi={https://doi.org/10.1109/IA3.2016.019}
}

@article{zafari2018distributed,
  title={{Distributed Dynamic Load Balancing for Task Parallel Programming}},
  author={Zafari, Afshin and Larsson, Elisabeth},
  journal={Computing Research Repository},
  number={1801.04582},
  year={2018},
  publisher={Uppsala University, Computational Science},
  url={https://arxiv.org/abs/1801.04582}
}

@article{freitas2021packsteallb,
  title={{PackStealLB: A scalable distributed load balancer based on work stealing and workload discretization}},
  author={Freitas, Vinicius and Pilla, La{\'e}rcio L and Santana, Alexandre de L and Castro, M{\'a}rcio and Cohen, Johanne},
  journal={Journal of Parallel and Distributed Computing},
  volume={150},
  pages={34--45},
  year={2021},
  doi={https://doi.org/10.1016/j.jpdc.2020.12.005}
}

% -----------------------------------------------------
% 			* Asynchronous work stealing
% -----------------------------------------------------
@inproceedings{chen2014laws,
  title={{LAWS: Locality-Aware Work-Stealing for Multi-Socket Multi-Core Architectures}},
  author={Chen, Quan and Guo, Minyi and Guan, Haibing},
  booktitle={Proceedings of the 28th ACM International Conference on Supercomputing},
  year={2014},
  series={ICS'14},
  location={Munich, Germany},
  doi={https://doi.org/10.1145/2597652.2597665}
}

@inproceedings{kumar2015hetews,
  title={{Heterogeneous work-stealing across CPU and DSP cores}},
  author={Kumar, Vivek and SbÃ®rlea, Alina and Jayaraj, Ajay and BudimliÄ, Zoran and Majeti, Deepak and Sarkar, Vivek},
  booktitle={2015 IEEE High Performance Extreme Computing Conference (HPEC)},
  year={2015},
  series={},
  location={Waltham, MA, USA},
  doi={https://doi.org/10.1109/HPEC.2015.7322452}
}

% -----------------------------------------------------
% 			* Reducing/hiding latency
% -----------------------------------------------------
@inproceedings{dinan2009scalable,
  title={{Scalable Work Stealing}},
  author={Dinan, James and Larkins, D. Brian and Sadayappan, P. and Krishnamoorthy, Sriram and Nieplocha, Jarek},
  booktitle={Proceedings of the Conference on High Performance Computing Networking, Storage and Analysis},
  year={2009},
  series={SC'09},
  location={Portland, Oregon},
  doi={https://doi.org/10.1145/1654059.1654113}
}

@inproceedings{nieplocha1999armci,
  title={{ARMCI: A Portable Remote Memory Copy Library for Distributed Array Libraries and Compiler Run-time Systems}},
  author={Nieplocha, Jarek and Carpenter, Bryan},
  booktitle={Parallel and Distributed Processing},
  pages={533--546},
  year={1999},
  publisher={Springer Berlin Heidelberg},
  location={Puerto Rico, USA},
  doi={https://doi.org/10.1007/BFb0097937}
}

@inproceedings{menon2013distributed,
  title={{A Distributed Dynamic Load Balancer for Iterative Applications}},
  author={Menon, Harshitha and Kal{\'e}, Laxmikant},
  booktitle={Proceedings of the International Conference on High Performance Computing, Networking, Storage and Analysis},
  pages={1--11},
  year={2013},
  location={Denver, CO, USA},
  series={SC'13},
  doi={https://doi.org/10.1145/2503210.2503284}
}

@article{kermack1932contributions,
  title={{Contributions to the mathematical theory of epidemics. II. The problem of endemicity}},
  author={Kermack, William Ogilvy and McKendrick, A. G. and Walker, Gilbert Thomas},
  journal={Proceedings of the Royal Society of London. Series A, Containing Papers of a Mathematical and Physical Character},
  volume={138},
  number={834},
  pages={55--83},
  year={1932},
  issn={2053-9150},
  publisher={Royal Society},
  doi={https://doi.org/10.1098/rspa.1932.0171}
}

@inproceedings{larkins2019accelerated,
  title={{Accelerated Work Stealing}},
  author={Larkins, D. Brian and Snyder, John and Dinan, James},
  booktitle={Proceedings of the 48th International Conference on Parallel Processing},
  year={2019},
  series={ICPP'19},
  location={Kyoto, Japan},
  publisher={ACM},
  doi={https://doi.org/10.1145/3337821.3337878}
}

@inproceedings{derradji2015bxi,
  title={{The BXI Interconnect Architecture}},
  author={Derradji, Said and Palfer-Sollier, Thibaut and Panziera, Jean-Pierre and Poudes, Axel and Atos, FranÃ§ois Wellenreiter},
  booktitle={2015 IEEE 23rd Annual Symposium on High-Performance Interconnects},
  pages={18--25},
  year={2015},
  location={Santa Clara, CA, USA},
  publisher={IEEE},
  doi={https://doi.org/10.1109/HOTI.2015.15}
}

@inproceedings{ravichandran2011wsmulticorhpc,
  title={{Work Stealing for Multi-core HPC Clusters}},
  author={Ravichandran, Kaushik and Lee, Sangho and Pande, Santosh},
  booktitle={Euro-Par 2011 Parallel Processing},
  pages={205--217},
  year={2011},
  location={Bordeaux, France},
  publisher={Springer},
  doi={https://doi.org/10.1007/978-3-642-23400-2_20}
}

% -----------------------------------------------------
% 	+ Reactive Load Balancing & Chameleon
% -----------------------------------------------------

@inproceedings{klinkenberg2020reactmig,
  title={{Reactive Task Migration for Hybrid MPI+OpenMP Applications}},
  author={Klinkenberg, Jannis and Samfass, Philipp and Bader, Michael and Terboven, Christian and M{\"u}ller, Matthias S.},
  booktitle={Proceedings of the Platform for Advanced Scientific Computing Conference},
  pages={59--71},
  year={2020},
  series={PPAM'19},
  location={Bialystok, Poland},
  publisher={Springer},
  doi={https://doi.org/10.1007/978-3-030-43222-5_6}
}

@inproceedings{Samfass2021ChameleonReactRepLB,
  title={{Predictive, Reactive and Replication-Based Load Balancing of Tasks in Chameleon and Sam(Oa)2}},
  author={Samfass, Philipp and Klinkenberg, Jannis and Chung, Minh Thanh and Bader, Michael},
  booktitle={Proceedings of the Platform for Advanced Scientific Computing Conference},
  articleno={3},
  numpages={10},
  year={2021},
  series={PASC'21},
  location={Geneva, Switzerland},
  publisher={ACM},
  doi={https://doi.org/10.1145/3468267.3470574}
}

@article{Klinkenberg2020ChameleonReactLB,
  title={{CHAMELEON: Reactive Load Balancing for Hybrid MPI+OpenMP Task-Parallel Applications}},
  author={Klinkenberg, Jannis and Samfass, Philipp and Bader, Michael and Terboven, Christian and M{\"u}ller, Matthias S},
  journal={Journal of Parallel and Distributed Computing},
  volume={138},
  pages={55--64},
  year={2020},
  publisher={Elsevier},
  doi={https://doi.org/10.1016/j.jpdc.2019.12.005}
}

% -----------------------------------------------------
% 	+ Other methods
% -----------------------------------------------------

@article{Riakiotakis2011MasterWorkerModel,
  title={{Distributed Dynamic Load Balancing for Pipelined Computations on Heterogeneous Systems}},
  author={Riakiotakis, Ioannis and Ciorba, Florina M and Andronikos, Theodore and Papakonstantinou, George},
  journal={Parallel Computing},
  volume={37},
  number={10},
  pages={713--729},
  year={2011},
  publisher={Elsevier},
  doi={https://doi.org/10.1016/j.parco.2011.01.003}
}

@article{Chronopoulos2005ScaleMasterWorkerModel,
  title={{Scalable Loop Self-scheduling Schemes for Heterogeneous Clusters}},
  author={Chronopoulos, Anthony T and Penmatsa, Satish and Yu, Ning and Yu, Du},
  journal={International Journal of Computational Science and Engineering},
  volume={1},
  number={2-4},
	pages={110-117},
	year={2005},
	publisher={Inderscience Publishers},
	doi={https://doi.org/10.1504/IJCSE.2005.009696},
}
% no cite
@techreport{Ferrari1987EmpiricalInvLoad,
  title={{An Empirical Investigation of Load Indices for Load Balancing Applications}},
  author={Ferrari, Domenico and Zhou, Songnian},
  number={UCB/CSD-87-353},
  year={1987},
  institution={EECS Department, University of California, Berkeley},
  url={http://www2.eecs.berkeley.edu/Pubs/TechRpts/1987/5990.html}
}

% -----------------------------------------------------
% 	+ HPC Use Cases
% -----------------------------------------------------

@article{Buch2010HPCMolecularDyn,
  title={{High-Throughput All-Atom Molecular Dynamics Simulations Using Distributed Computing}},
  author={Buch, Ignasi and Harvey, Matt J and Giorgino, Toni and Anderson, David P and De Fabritiis, Gianni},
  journal={Journal of Chemical Information and Modeling},
  volume={50},
  number={3},
  pages={397--403},
  year={2010},
  publisher={American Chemical Society},
  doi={https://doi.org/10.1021/ci900455r}
}

@article{Meister2016AMRSamoa,
  title={{Parallel Memory-Efficient Adaptive Mesh Refinement on Structured Triangular Meshes with Billions of Grid Cells}},
  author={Meister, Oliver and Rahnema, Kaveh and Bader, Michael},
  journal={ACM Transactions on Mathematical Software (TOMS)},
  articleno={19},
  numpages={27},
  volume={43},
  number={3},
  year={2016},
  publisher={ACM},
  doi={https://doi.org/10.1145/2947668}
}

@article{bungartz2010peano,
  title={{The PDE framework Peano applied to fluid dynamics: an efficient implementation of a parallel multiscale fluid dynamics solver on octree-like adaptive Cartesian grids}},
  author={Bungartz, Hans-Joachim and Mehl, Miriam and Neckel, Tobias and Weinzierl, Tobias},
  journal={Computational Mechanics},
  pages={103--114},
  volume={46},
  number={1},
  year={2010},
  doi={https://doi.org/10.1007/s00466-009-0436-x}
}

@inproceedings{blatt2007dune,
  title={{The Iterative Solver Template Library}},
  author={Blatt, Markus and Bastian, Peter},
  booktitle={Applied Parallel Computing. State of the Art in Scientific Computing},
  pages={666--675},
  year={2007},
  location={Umea, Sweden},
  series={PARA'06},
  doi={https://doi.org/10.1007/978-3-540-75755-9_82}
}

@article{rannabauer2018samoaaderdg,
  title={{ADER-DG with a-posteriori finite-volume limiting to simulate tsunamis in a parallel adaptive mesh refinement framework}},
  author={Rannabauer, Leonhard and Dumbser, Michael and Bader, Michael},
  journal={Computers \& Fluids},
  pages={299--306},
  volume={173},
  year={2018},
  doi={https://doi.org/10.1016/j.compfluid.2018.01.031}
}

@inproceedings{prat2018taskbasedmdsim,
  title={{Combining Task-Based Parallelism and Adaptive Mesh Refinement Techniques in Molecular Dynamics Simulations}},
  author={Prat, Rapha\"{e}l and Colombet, Laurent and Namyst, Raymond},
  booktitle={Proceedings of the 47th International Conference on Parallel Processing},
  pages={},
  year={2018},
  location={Eugene, OR, USA},
  series={ICPP'18},
  doi={https://doi.org/10.1145/3225058.3225085}
}

@inproceedings{regragui2022schedgameengine,
  title={{Exploring Scheduling Algorithms for Parallel Task Graphs: A Modern Game Engine Case Study}},
  author={Regragui, Mustapha and Coye, Baptiste and Pilla, La{\'e}rcio L. and Namyst, Raymond and Barthou, Denis},
  booktitle={Euro-Par 2022: Parallel Processing},
  pages={103--118},
  year={2022},
  location={Glasgow, UK},
  series={},
  doi={https://doi.org/10.1007/978-3-031-12597-3_7}
}

% -------------------------------------------------------------------------
% - Task-based programming interfaces
% -------------------------------------------------------------------------
@article{thoman2018taxonomy,
  title={{A Taxonomy of Task-Based Parallel Programming Technologies for High-Performance Computing}},
  author={Thoman, Peter and Dichev, Kiril and Heller, Thomas and Iakymchuk, Roman and Aguilar, Xavier and Hasanov, Khalid and Gschwandtner, Philipp and Lemarinier, Pierre and Markidis, Stefano and Jordan, Herbert and Fahringer, Thomas and Katrinis, Kostas and Laure, Erwin and Nikolopoulos, Dimitrios S.},
  journal={Journal of Supercomputing},
  volume={74},
  number={4},
  pages={1422--1434},
  year={2018},
  publisher={Kluwer Academic Publishers},
  doi={https://doi.org/10.1007/s11227-018-2238-4}
}

@inbook{kormanyos2015,
	title={{C++ Multitasking}},
	author={Kormanyos, Christopher},
	booktitle={{Real-Time C++: Efficient Object-Oriented and Template Microcontroller Programming}},
	pages={199--210},
	year={2015},
	isbn={978-3-662-47810-3},
	publisher={Springer Berlin, Heidelberg},
	doi={https://doi.org/10.1007/978-3-662-47810-3_11}
}

@inproceedings{willhalm2008putting,
  title={{Putting Intel{\textregistered} Threading Building Blocks to Work}},
  author={Willhalm, Thomas and Popovici, Nicolae},
  booktitle={Proceedings of the 1st International Workshop on Multicore Software Engineering},
  pages={3--4},
  year={2008},
  location={Leipzig, Germany},
  series={IWMSE'08},
  doi={https://doi.org/10.1145/1370082.1370085}
}

@inproceedings{kaiser2014hpx,
  title={{HPX: A Task Based Programming Model in a Global Address Space}},
  author={Kaiser, Hartmut and Heller, Thomas and Adelstein-Lelbach, Bryce and Serio, Adrian and Fey, Dietmar},
  booktitle={Proceedings of the 8th International Conference on Partitioned Global Address Space Programming Models},
  articleno={6},
  numpages={11},
  year={2014},
  location={Eugene, OR, USA},
  series={PGAS'14},
  publisher={ACM},
  doi={https://doi.org/10.1145/2676870.2676883}
}

@book{bauer2014legion,
  title={{Legion: Programming Distributed Heterogeneous Architectures with Logical Regions}},
  author={Bauer, Michael Edward},
  year={2014},
  note={PhD Thesis},
  publisher={Stanford University Archives},
  url={http://purl.stanford.edu/kk063hx7516}
}

@inproceedings{hoque2017dynamic,
  title={{Dynamic Task Discovery in PaRSEC: A Data-Flow Task-Based Runtime}},
  author={Hoque, Reazul and Herault, Thomas and Bosilca, George and Dongarra, Jack},
  booktitle={Proceedings of the 8th Workshop on Latest Advances in Scalable Algorithms for Large-Scale Systems},
  articleno={6},
  numpages={8},
  year={2017},
  location={Denver, Colorado},
	series={ScalA'17},
  publisher={ACM},
  doi={https://doi.org/10.1145/3148226.3148233}
}

@article{huang2020cpp,
  title={{Cpp-Taskflow: A General-Purpose Parallel Task Programming System at Scale}},
  author={Huang, Tsung-Wei and Lin, Yibo and Lin, Chun-Xun and Guo, Guannan and Wong, Martin D. F.},
  journal={IEEE Transactions on Computer-Aided Design of Integrated Circuits and Systems},
  volume={40},
  number={8},
  pages={1687--1700},
  year={2021},
  publisher={IEEE},
  doi={https://doi.org/10.1109/TCAD.2020.3025075}
}

@article{ayguade2008design,
  title={{The Design of OpenMP Tasks}},
  author={Ayguade, Eduard and Copty, Nawal and Duran, Alejandro and Hoeflinger, Jay and Lin, Yuan and Massaioli, Federico and Teruel, Xavier and Unnikrishnan, Priya and Zhang, Guansong},
  journal={IEEE Transactions on Parallel and Distributed Systems},
  volume={20},
  number={3},
  pages={404--418},
  year={2009},
  publisher={IEEE},
  doi={https://doi.org/10.1109/TPDS.2008.105}
}

@inproceedings{acun2014parallel,
  title={{Parallel Programming with Migratable Objects: Charm++ in Practice}},
  author={Acun, Bilge and Gupta, Abhishek and Jain, Nikhil and Langer, Akhil and Menon, Harshitha and Mikida, Eric and Ni, Xiang and Robson, Michael and Sun, Yanhua and Totoni, Ehsan and Wesolowski, Lukasz and Kale, Laxmikant},
  booktitle={Proceedings of the International Conference for High Performance Computing, Networking, Storage and Analysis},
  pages={647--658},
  year={2014},
  location={New Orleans, Louisana},
  series={SC'14},
  doi={https://doi.org/10.1109/SC.2014.58}
}

@article{duran2011ompss,
  title={{Ompss: a Proposal for Programming Heterogeneous Multi-Core Architectures}},
  author={Duran, Alejandro and Ayguad{\'e}, Eduard and Badia, Rosa M and Labarta, Jes{\'u}s and Martinell, Luis and Martorell, Xavier and Planas, Judit},
  journal={Parallel Processing Letters},
  volume={21},
  number={02},
  pages={173--193},
  year={2011},
  publisher={World Scientific},
  doi={https://doi.org/10.1142/S0129626411000151}
}

@article{augonnet2011starpu,
  title={{StarPU: a unified platform for task scheduling on heterogeneous multicore architectures}},
  author={Augonnet, C{\'e}dric and Thibault, Samuel and Namyst, Raymond and Wacrenier, Pierre-Andr{\'e}},
  journal={Concurrency and Computation: Practice and Experience},
  volume={23},
  number={2},
  pages={187--198},
  year={2011},
  publisher={Wiley Online Library},
  doi={https://doi.org/10.1002/cpe.1631}
}

@article{robison2012cilk,
  title={{Composable Parallel Patterns with Intel Cilk Plus}},
  author={Robison, Arch D.},
  journal={Computing in Science \& Engineering},
  year={2013},
  volume={15},
  number={2},
  pages={66-71},
  publisher={IEEE},
  doi={https://doi.org/10.1109/MCSE.2013.21}
}

@article{chrles2005x10,
  title={{X10: An Object-Oriented Approach to Non-Uniform Cluster Computing}},
  author={Charles, Philippe and Grothoff, Christian and Saraswat, Vijay and Donawa, Christopher and Kielstra, Allan and Ebcioglu, Kemal and von Praun, Christoph and Sarkar, Vivek},
  journal={ACM SIGPLAN Notices (SIGPLAN Not.)},
  volume={40},
  number={10},
  issn={0362-1340},
  pages={519--538},
  year={2005},
  publisher={ACM},
  doi={https://doi.org/10.1145/1103845.1094852}
}

@article{codd1960multiprogram,
  title={{Multiprogram Scheduling: Parts 1 and 2. Introduction and Theory}},
  author={Codd, Edgar Frank},
  journal={Communications of the ACM (Commun. ACM)},
  volume={3},
  number={6},
  pages={347--350},
  year={1960},
  publisher={ACM},
  doi={https://doi.org/10.1145/367297.367317}
}

@inproceedings{rabenseifner2009hybrid,
  title={{Hybrid MPI/OpenMP Parallel Programming on Clusters of Multi-Core SMP Nodes}},
  author={Rabenseifner, Rolf and Hager, Georg and Jost, Gabriele},
  booktitle={2009 17th Euromicro International Conference on Parallel, Distributed and Network-based Processing},
  pages={427--436},
  year={2009},
  location={Weimar, Germany},
  publisher={IEEE},
  doi={https://doi.org/10.1109/PDP.2009.43}
}

% -------------------------------------------------------------------------
% - Other libraries, terminologies
% -------------------------------------------------------------------------
% -----------------------------------------------------
% 	+ Programming models
% -----------------------------------------------------
@book{butenhof1997programming,
  title={{Programming with POSIX Threads}},
  author={Butenhof, David R.},
  year={1997},
  isbn={0201633922},
  publisher={Addison-Wesley Professional}
}

@article{dewael2015pgasl,
  title={{Partitioned Global Address Space Languages}},
  author={De Wael, Mattias and Marr, Stefan and De Fraine, Bruno and Van Cutsem, Tom and De Meuter, Wolfgang},
  journal={ACM Comput. Surv.},
  volume={47},
  number={4},
  pages={},
  year={2015},
  doi={https://doi.org/10.1145/2716320},
}

@inproceedings{chapman2010introducing,
  title={{Introducing OpenSHMEM: SHMEM for the PGAS Community}},
  author={Chapman, Barbara and Curtis, Tony and Pophale, Swaroop and Poole, Stephen and Kuehn, Jeff and Koelbel, Chuck and Smith, Lauren},
  booktitle={Proceedings of the Fourth Conference on Partitioned Global Address Space Programming Model},
  articleno={2},
  numpages={3},
  year={2010},
  location={New York, USA},
  series={PGAS'10},
  publisher={ACM},
  doi={https://doi.org/10.1145/2020373.2020375}
}

@inproceedings{mellor2009new,
  title={{A New Vision for Coarray Fortran}},
  author={Mellor-Crummey, John and Adhianto, Laksono and Scherer, William N. and Jin, Guohua},
  booktitle={Proceedings of the Third Conference on Partitioned Global Address Space Programing Models},
  articleno={5},
  numpages={9},
  year={2009},
  location={Ashburn, Virginia, USA},
  series={PGAS'09},
  doi={https://doi.org/10.1145/1809961.1809969}
}

@inproceedings{zheng2014upc,
  title={{UPC++: A PGAS Extension for C++}},
  author={Zheng, Yili and Kamil, Amir and Driscoll, Michael B. and Shan, Hongzhang and Yelick, Katherine},
  booktitle={2014 IEEE 28th International Parallel and Distributed Processing Symposium},
  pages={1105--1114},
  year={2014},
  location={Phoenix, AZ, USA},
  series={IPDPS'14},
  doi={https://doi.org/10.1109/IPDPS.2014.115}
}

@article{chamberlain2007chapel,
  title={{Parallel Programmability and the Chapel Language}},
  author={Chamberlain, Bradford L. and Callahan, D. and Zima, H.P.},
  journal={The International Journal of High Performance Computing Applications},
  volume={21},
  number={3},
  pages={291--312},
  year={2007},
  doi={https://doi.org/10.1177/1094342007078442},
}

@article{panda2021mvapich,
  title={{The MVAPICH project: Transforming research into high-performance MPI library for HPC community}},
  author={Dhabaleswar Kumar Panda and Hari Subramoni and Ching-Hsiang Chu and Mohammadreza Bayatpour},
  journal={Journal of Computational Science},
  pages={},
  year={2021},
  publisher={Elsevier},
  doi={https://doi.org/10.1016/j.jocs.2020.101208}
}

@article{dagum1998openmp,
  title={{OpenMP: an industry standard API for shared-memory programming}},
  author={Dagum, L. and Menon, R.},
  journal={IEEE Computational Science and Engineering},
  pages={46--55},
  year={1998},
  volume={5},
  number={1},
  publisher={IEEE},
  doi={https://doi.org/10.1109/99.660313}
}

@article{gropp1996mpich,
  title={{A high-performance, portable implementation of the MPI message passing interface standard}},
  author={Gropp, William and Lusk, Ewing and Doss, Nathan and Skjellum, Anthony},
  journal={Parallel Computing},
  pages={789--828},
  year={1996},
  volume={22},
  number={6},
  doi={https://doi.org/10.1016/0167-8191(96)00024-5}
}

@inproceedings{rabenseifner2006mpiomp,
  title={{Hybrid MPI and OpenMP Parallel Programming}},
  author={Rabenseifner, Rolf and Hager, Georg and Jost, Gabriele and Keller, Rainer},
  booktitle={Recent Advances in Parallel Virtual Machine and Message Passing Interface},
  pages={11--11},
  year={2006},
  location={Bonn, Germany},
  series={The 13th European PVM/MPI User's Group Meeting},
  doi={https://doi.org/10.1007/11846802_10}
}


% -----------------------------------------------------
% 	+ ML-related terms
% -----------------------------------------------------
@book{sebe2006mlincv,
  title={{Machine Learning in Computer Vision}},
  author={Sebe, Nicu and Cohen, Ira and Garg, Ashutosh and Huang, Thomas S},
  year={2006},
  isbn={978-1-4020-3275-2},
  publisher={Springer Dordrecht},
  doi={https://doi.org/10.1007/1-4020-3275-7}
}

@book{james2013introml,
  title={{An Introduction to Statistical Learning with Applications in R}},
  author={James, Gareth and Witten, Daniela and Hastie, Trevor and Tibshirani, Robert},
  year={2013},
  isbn={978-1-4614-7138-7},
  publisher={Springer New York, NY},
  doi={https://doi.org/10.1007/978-1-4614-7138-7}
}

@book{deng2018dlinnlp,
  title={{Deep Learning in Natural Language Processing}},
  author={Deng, Li and Liu, Yang},
  year={2018},
  isbn={978-981-10-5209-5},
  publisher={Springer Singapore},
  doi={https://doi.org/10.1007/978-981-10-5209-5}
}

@article{curtin2013mlpack,
  title={{MLPACK: A Scalable C++ Machine Learning Library}},
  author={Curtin, Ryan R. and Cline, James R. and Slagle, N. P. and March, William B. and Ram, Parikshit and Mehta, Nishant A. and Gray, Alexander G.},
  journal={Journal of Machine Learning Research},
  pages={801--805},
  year={2013},
  volume={14},
  number={24},
  url={http://jmlr.org/papers/v14/curtin13a.html}
}

@article{curtin2023mlpack4,
  title={{mlpack 4: a fast, header-only C++ machine learning library}},
  author={Curtin, Ryan R. and Edel, Marcus and Shrit, Omar and Agrawal, Shubham and Basak, Suryoday and Balamuta, James J. and Birmingham, Ryan and Dutt, Kartik and Eddelbuettel, Dirk and Garg, Rishabh and Jaiswal, Shikhar and Kaushik, Aakash and Kim, Sangyeon and Mukherjee, Anjishnu and Sai, Nanubala Gnana and Sharma, Nippun and Parihar, Yashwant Singh and Swain, Roshan and Sanderson, Conrad},
  journal={Journal of Open Source Software},
  year={2023},
  volume={8},
  number={82},
  pages={},
  publisher={The Open Journal},
  doi={https://doi.org/10.21105/joss.05026}
}

@article{anderson2016armadillo,
  title={{Armadillo: a template-based C++ library for linear algebra}},
  author={Sanderson, Conrad and Curtin, Ryan},
  journal={Journal of Open Source Software},
  year={2016},
  volume={1},
  number={2},
  pages={26},
  publisher={The Open Journal},
  doi={https://doi.org/10.21105/joss.00026}
}

@inproceedings{sanderson2018userfriend,
  title={{A User-Friendly Hybrid Sparse Matrix Class in C++}},
  author={Sanderson, Conrad and Curtin, Ryan},
  booktitle={Mathematical Software},
  pages={422--430},
  year={2018},
  location={South Bend, IN, USA},
  series={ICMS'18},
  doi={https://doi.org/10.1007/978-3-319-96418-8_50}
}

@article{naser2021errormetricsml,
  title={{Error Metrics and Performance Fitness Indicators for Artificial Intelligence and Machine Learning in Engineering and Sciences}},
  author={Naser, M. Z. and Alavi, Amir H.},
  journal={Architecture, Structures and Construction},
  year={2021},
  publisher={Springer},
  doi={https://doi.org/10.1007/s44150-021-00015-8}
}

@book{bonaccorso2017mlalgorithms,
  title={{Machine Learning Algorithms}},
  author={Bonaccorso, Giuseppe},
  year={2017},
  isbn={9781789347999},
  publisher={Packt Publishing},
  url={https://packt.link/free-ebook/9781785889622}
}

% -----------------------------------------------------
% 	+ Callback tools
% -----------------------------------------------------
@inproceedings{eichenberger2013omptool,
  title={{OMPT: An OpenMP Tools Application Programming Interface for Performance Analysis}},
  author={Eichenberger, Alexandre E. and Mellor-Crummey, John and Schulz, Martin and Wong, Michael and Copty, Nawal and Dietrich, Robert and Liu, Xu and Loh, Eugene and Lorenz, Daniel},
  booktitle={OpenMP in the Era of Low Power Devices and Accelerators},
  pages={171--185},
  year={2013},
  publisher={Springer Berlin Heidelberg},
  location={Canberra, Australia},
  series={IWOMP'13},
  doi={https://doi.org/10.1007/978-3-642-40698-0_13}
}

@techreport{supinski2022omptechreport,
  title={{OpenMP Technical Report 11: Version 6.0 Preview 1}},
  author={Supinski, Bronis R. de and Klemm, Michael},
  year={2022},
  note={OpenMP Architecture Review Board},
  url={https://www.openmp.org/wp-content/uploads/openmp-TR11.pdf}
}

% -----------------------------------------------------
% 	+ Trace and Visualization Tool
% -----------------------------------------------------
@inproceedings{wrinn2004mpiitac,
  title={{MPI tuning with Intel/spl copy/ Trace Analyzer and Intel/spl copy/ Trace Collector}},
  author={Wrinn, M. and Asbury, R.},
  booktitle={2004 IEEE International Conference on Cluster Computing (IEEE Cat. No.04EX935)},
  pages={4},
  year={2004},
  publisher={IEEE},
  location={San Diego, CA, USA},
  doi={https://doi.org/10.1109/CLUSTR.2004.1392595}
}

% -------------------------------------------------------------------------
% - Computer science terminologies
% -------------------------------------------------------------------------
@book{peterson2021computer,
  title={Computer Networks: A Systems Approach (The Morgan Kaufmann Series in Networking)},
  author={Peterson, Larry L. and Davie, Bruce S.},
  year={2021},
  isbn={978-0-12-818200-0},
  publisher={Elsevier},
  note={Sixth Edition},
  doi={https://doi.org/10.1016/C2018-0-01477-2}
}

@article{blake2009multicoreprocs,
  title={{A survey of multicore processors}},
  author={Blake, Geoffrey and Dreslinski, Ronald G. and Mudge, Trevor},
  journal={IEEE Signal Processing Magazine},
  volume={26},
  number={6},
  pages={26--37},
  year={2009},
  publisher={IEEE},
  doi={https://doi.org/10.1109/MSP.2009.934110}
}

% -------------------------------------------------------------------------
% HPC hardwares and performance variation
% -------------------------------------------------------------------------
@inproceedings{zhang2011gpumodel,
  title={{A quantitative performance analysis model for GPU architectures}},
  author={Zhang, Yao and Owens, John D.},
  booktitle={2011 IEEE 17th International Symposium on High Performance Computer Architecture},
  pages={382--393},
  year={2011},
  location={San Antonio, TX, USA},
  series={},
  publisher={IEEE},
  doi={https://doi.org/10.1109/HPCA.2011.5749745}
}

@inproceedings{acun2016variturboboost,
  title={{Variation Among Processors Under Turbo Boost in HPC Systems}},
  author={Acun, Bilge and Miller, Phil and Kale, Laxmikant V.},
  booktitle={Proceedings of the 2016 International Conference on Supercomputing},
  pages={},
  year={2016},
  location={Istanbul, Turkey},
  series={ICS'16},
  publisher={ACM},
  doi={https://doi.org/10.1145/2925426.2926289}
}

@inproceedings{weisbach2018hwvariation,
  title={{Hardware Performance Variation: A Comparative Study Using Lightweight Kernels}},
  author={Weisbach, H. and Gerofi, B. and Kocoloski, B. and HÃ¤rtig, H. and Ishikawa, Y.},
  booktitle={High Performance Computing. ISC High Performance 2018. Lecture Notes in Computer Science},
  pages={246--265},
  year={2018},
  location={Frankfurt, Germany},
  series={ISC'18},
  publisher={Springer},
  doi={https://doi.org/10.1007/978-3-319-92040-5_13}
}

@inproceedings{ates2019hpas,
  title={{HPAS: An HPC Performance Anomaly Suite for Reproducing Performance Variations}},
  author={Ates, Emre and Zhang, Yijia and Aksar, Burak and Brandt, Jim and Leung, Vitus J. and Egele, Manuel and Coskun, Ayse K.},
  booktitle={Proceedings of the 48th International Conference on Parallel Processing},
  pages={1--10},
  year={2019},
  location={Kyoto, Japan},
  series={ICPP'19},
  publisher={ACM},
  doi={https://doi.org/10.1145/3337821.3337907}
}

@article{tuncer2019onlinediagvar,
  title={{Online Diagnosis of Performance Variation in HPC Systems Using Machine Learning}},
  author={Tuncer, Ozan and Ates, Emre and Zhang, Yijia and Turk, Ata and Brandt, Jim and Leung, Vitus J. and Egele, Manuel and Coskun, Ayse K.},
  journal={IEEE Transactions on Parallel and Distributed Systems},
  volume={30},
  number={4},
  pages={883--896},
  year={2019},
  publisher={IEEE},
  doi={https://doi.org/10.1109/TPDS.2018.2870403}
}

@inproceedings{yoshida2022perfvargpu,
  title={{Analyzing Performance and Power-Efficiency Variations among NVIDIA GPUs}},
  author={Yoshida, Kohei and Sageyama, Rio and Miwa, Shinobu and Yamaki, Hayato and Honda, Hiroki},
  booktitle={Proceedings of the 51st International Conference on Parallel Processing},
  pages={1--10},
  year={2022},
  location={Bordeaux, France},
  series={ICPP'22},
  publisher={ACM},
  doi={https://doi.org/10.1145/3545008.3545084}
}

% -------------------------------------------------------------------------
% - Performance Modeling
% -------------------------------------------------------------------------
% -----------------------------------------------------
% 	+ For work-stealing models in general
% -----------------------------------------------------

@article{arora2001thread,
  title={{Thread Scheduling for Multiprogrammed Multiprocessors}},
  author={Arora, Nimar S. and Blumofe, Robert D. and Plaxton, C. Greg},
  journal={Theory of Computing Systems},
  volume={34},
  number={2},
  pages={115--144},
  year={2001},
  publisher={Springer},
  doi={https://doi.org/10.1007/s00224-001-0004-z}
}

@article{bender2002online,
  title={{Online Scheduling of Parallel Programs on Heterogeneous Systems with Applications to Cilk}},
  author={Bender, Michael A. and Rabin, Michael O.},
  journal={Theory of Computing Systems},
  volume={35},
  number={3},
  pages={289--304},
  year={2002},
  publisher={Springer},
  doi={https://doi.org/10.1007/s00224-002-1055-5}
}

@article{tchiboukdjian2013decentralized,
  title={{Decentralized List Scheduling}},
  author={Tchiboukdjian, Marc and Gast, Nicolas and Trystram, Denis},
  journal={Annals of Operations Research},
  volume={207},
  number={1},
  pages={237--259},
  year={2013},
  publisher={Springer},
  doi={https://doi.org/10.1007/s10479-012-1149-7}
}

% -------------------------------------------------------------------------
% Performance modeling for work stealing
% -------------------------------------------------------------------------

@inproceedings{hayat2004dyntimemodelws,
  title={{Dynamic Time Delay Models for Load Balancing. Part II: A Stochastic Analysis of the Effect of Delay Uncertainty}},
  author={Hayat, Majeed M. and Dhakal, Sagar and Abdallah, Chaouki T. and Douglas Birdwell, J. and Chiasson, John},
  booktitle={Advances in Time-Delay Systems},
  pages={371--385},
  year={2004},
  location={Paris, France},
  series={},
  publisher={Springer},
  doi={https://doi.org/10.1007/978-3-642-18482-6_27}
}

@inproceedings{tchiboukdjian2010tighter,
  title={{A Tighter Analysis of Work Stealing}},
  author={Tchiboukdjian, Marc and Gast, Nicolas and Trystram, Denis and Roch, Jean-Louis and Bernard, Julien},
  booktitle={Algorithms and Computation},
  pages={291--302},
  year={2010},
  location={Jeju Island, Korea},
  series={ISAAC'10},
  publisher={Springer Berlin Heidelberg},
  doi={https://doi.org/10.1007/978-3-642-17514-5_25}
}

@article{gast2021analysis,
  title={{Analysis of Work Stealing with Latency}},
  author={Gast, Nicolas and Khatiri, Mohammed and Trystram, Denis and Wagner, Fr{\'e}d{\'e}ric},
  journal={Journal of Parallel and Distributed Computing},
  pages={119-129},
  year={2021},
  issn={0743-7315},
  publisher={Elsevier},
  doi={https://doi.org/10.1016/j.jpdc.2021.03.010}
}

% -------------------------------------------------------------------------
% HPC websites, news, ranking
% -------------------------------------------------------------------------
@online{top500list,
	title={{TOP500 List - November 2022}},
  author={TOP500},
  year={1993},
  url={https://www.top500.org/},
  urldate={2023-03-11}
}

@online{lrz2020supermucng,
	title={{SuperMUC-NG}},
  author={Leibniz Supercomputing Centre of the Bavarian Academy of Sciences},
  year={2020},
  url={https://doku.lrz.de/supermuc-ng-10745965.html},
  urldate={2023-06-07}
}

@online{nas3benchmark,
	title={{NAS Parallel Benchmarks}},
  author={NASA Advanced Supercomputing (NAS) Division},
  year={1996},
  url={https://www.nas.nasa.gov/software/npb.html},
  urldate={2023-03-10}
}

@online{llvm2013omp,
	title={{LLVM/OpenMP Runtimes}},
  author={LLVM/OpenMP},
  year={2013},
  url={https://openmp.llvm.org},
  urldate={2023-10-11}
}

@online{lammps2008mdsim,
	title={{LAMMPS Molecular Dynamics Simulator}},
  author={Developers at lammps.org},
  year={2008},
  url={https://www.lammps.org},
  urldate={2023-10-18}
}